@article{Li2016,
    title = {{Ionic Conductivity in Polyelectrolyte Hydrogels}},
    year = {2016},
    journal = {Macromolecules},
    author = {Li, Honghao and Erba{\c{s}}, Aykut and Zwanikken, Jos and Olvera de la Cruz, Monica},
    pages = {acs.macromol.6b01276},
    url = {http://pubs.acs.org/doi/abs/10.1021/acs.macromol.6b01276},
    doi = {10.1021/acs.macromol.6b01276},
    issn = {0024-9297}
}

@article{Bao20173DRectification,
    title = {{3D Porous Hydrogel/Conducting Polymer Heterogeneous Membranes with Electro-/pH-Modulated Ionic Rectification}},
    year = {2017},
    journal = {Advanced Materials},
    author = {Bao, Bin and Hao, Junran and Bian, Xiujie and Zhu, Xuanbo and Xiao, Kai and Liao, Jingwen and Zhou, Jiajia and Zhou, Yahong and Jiang, Lei},
    number = {44},
    month = {11},
    pages = {1702926},
    volume = {29},
    url = {http://doi.wiley.com/10.1002/adma.201702926},
    doi = {10.1002/adma.201702926},
    issn = {09359648}
}

@article{Bao3DRectification,
    title = {{3D Porous Hydrogel/Conducting Polymer Heterogeneous Membranes with Electro-/pH-Modulated Ionic Rectification}},
    author = {Bao, Bin and Hao, Junran and Bian, Xiujie and Zhu, Xuanbo and Xiao, Kai and Liao, Jingwen and Zhou, Jiajia and Zhou, Yahong and Jiang, Lei},
    url = {https://onlinelibrary.wiley.com/action/downloadSupplement?doi=10.1002%2Fadma.201702926&attachmentId=196357947},
    doi = {10.1002/adma.201702926}
}

@article{Bao20173DRectificationb,
    title = {{3D Porous Hydrogel/Conducting Polymer Heterogeneous Membranes with Electro-/pH-Modulated Ionic Rectification}},
    year = {2017},
    journal = {Advanced Materials},
    author = {Bao, Bin and Hao, Junran and Bian, Xiujie and Zhu, Xuanbo and Xiao, Kai and Liao, Jingwen and Zhou, Jiajia and Zhou, Yahong and Jiang, Lei},
    number = {44},
    month = {11},
    pages = {1702926},
    volume = {29},
    url = {http://doi.wiley.com/10.1002/adma.201702926},
    doi = {10.1002/adma.201702926},
    issn = {09359648}
}

@article{Huang2018BioinspiredBipolar,
    title = {{Bioinspired Ionic Diodes: From Unipolar to Bipolar}},
    year = {2018},
    journal = {Advanced Functional Materials},
    author = {Huang, Xiaodong and Kong, Xiang Yu and Wen, Liping and Jiang, Lei},
    volume = {1801079},
    doi = {10.1002/adfm.201801079},
    issn = {16163028},
    keywords = {Bipolar diodes, Ion transport, Ionic diodes, Nanochannels, Nanopores}
}

@article{Yamamoto2014ElectrochemicalDiodes,
    title = {{Electrochemical mechanism of ion current rectification of polyelectrolyte gel diodes}},
    year = {2014},
    journal = {Nature Communications},
    author = {Yamamoto, Tetsuya and Doi, Masao},
    number = {May},
    pages = {1--8},
    volume = {5},
    publisher = {Nature Publishing Group},
    isbn = {2041-1723 (Electronic){\textbackslash}r2041-1723 (Linking)},
    doi = {10.1038/ncomms5162},
    issn = {20411723},
    pmid = {24936950}
}

@article{Zhang2012FlexibleCellulose,
    title = {{Flexible and transparent paper-based ionic diode fabricated from oppositely charged microfibrillated cellulose}},
    year = {2012},
    journal = {Journal of Physical Chemistry C},
    author = {Zhang, Wei and Zhang, Xiaodan and Lu, Canhui and Wang, Youjiang and Deng, Yulin},
    number = {16},
    pages = {9227--9234},
    volume = {116},
    isbn = {1932-7447},
    doi = {10.1021/jp301924g},
    issn = {19327447}
}

@article{Zhang2012FlexibleCelluloseb,
    title = {{Flexible and Transparent Paper-Based Ionic Diode Fabricated from Oppositely Charged Microfibrillated Cellulose}},
    year = {2012},
    journal = {The Journal of Physical Chemistry C},
    author = {Zhang, Wei and Zhang, Xiaodan and Lu, Canhui and Wang, Youjiang and Deng, Yulin},
    number = {16},
    month = {4},
    pages = {9227--9234},
    volume = {116},
    url = {http://pubs.acs.org/doi/10.1021/jp301924g},
    doi = {10.1021/jp301924g},
    issn = {1932-7447}
}

@inproceedings{Lee2012Grand-canonicalDiode,
    title = {{Grand-canonical Monte Carlo simulation study of polyelectrolyte diode}},
    year = {2012},
    booktitle = {AIP Conference Proceedings},
    author = {Lee, Eonji and Han, Ji Hyung and Chang, Rakwoo and Chung, Taek Dong},
    number = {December 2012},
    pages = {1239--1242},
    volume = {1504},
    url = {http://aip.scitation.org/doi/abs/10.1063/1.4772152},
    isbn = {9780735411227},
    doi = {10.1063/1.4772152},
    issn = {0094243X},
    keywords = {Grand-Canonical Monte Carlo Simulation, Polyelectrolyte Diode, Primitive Model}
}

@article{Larson2016HighlySensing,
    title = {{Highly stretchable electroluminescent skin for optical signaling and tactile sensing}},
    year = {2016},
    journal = {Science},
    author = {Larson, C. and Peele, B. and Li, S. and Robinson, S. and Totaro, M. and Beccai, L. and Mazzolai, B. and Shepherd, R.},
    number = {6277},
    pages = {1071--1074},
    volume = {351},
    isbn = {9788578110796},
    doi = {10.1126/science.aac5082},
    issn = {10959203},
    pmid = {25246403},
    arxivId = {arXiv:1011.1669v3}
}

@article{Han2009IonicMicrochip,
    title = {{Ionic circuits based on poly electrolyte diodes on a microchip}},
    year = {2009},
    journal = {Angewandte Chemie - International Edition},
    author = {Han, Ji Hyung and Kim, Kwang Bok and Kim, Hee Chan and Chung, Taek Dong},
    number = {21},
    pages = {3830--3833},
    volume = {48},
    doi = {10.1002/anie.200900045},
    issn = {14337851},
    keywords = {Fluorescence, Ionic circuits, Microchips, Polyelectrolytes, Rectification}
}

@article{Han2009IonicMicrochipb,
    title = {{Ionic Circuits Based on Polyelectrolyte Diodes on a Microchip}},
    year = {2009},
    journal = {Angewandte Chemie International Edition},
    author = {Han, Ji-Hyung and Kim, Kwang Bok and Kim, Hee Chan and Chung, Taek Dong},
    number = {21},
    month = {5},
    pages = {3830--3833},
    volume = {48},
    publisher = {Wiley-Blackwell},
    url = {http://doi.wiley.com/10.1002/anie.200900045},
    doi = {10.1002/anie.200900045},
    issn = {14337851},
    keywords = {fluorescence, ionic circuits, microchips, polyelectrolytes, rectification}
}

@article{Li2016IonicHydrogels,
    title = {{Ionic Conductivity in Polyelectrolyte Hydrogels}},
    year = {2016},
    author = {Li, Honghao and Erbas, Aykut and Zwanikken, Jos},
    doi = {10.1021/acs.macromol.6b01276}
}

@article{So2012IonicElectrodes,
    title = {{Ionic Current Rectification in Soft-Matter Diodes with Liquid-Metal Electrodes}},
    year = {2012},
    journal = {Advanced Functional Materials},
    author = {So, Ju-Hee and Koo, Hyung-Jun and Dickey, Michael D. and Velev, Orlin D.},
    number = {3},
    month = {2},
    pages = {625--631},
    volume = {22},
    publisher = {Wiley-Blackwell},
    url = {http://doi.wiley.com/10.1002/adfm.201101967},
    doi = {10.1002/adfm.201101967},
    issn = {1616301X},
    keywords = {electrochemical diodes, hydrogels, ionic current rectification, liquid metal, polyelectrolytes, soft electronics, soft matter}
}

@article{Tybrandt2012LogicTransistors,
    title = {{Logic gates based on ion transistors}},
    year = {2012},
    journal = {Nature Communications},
    author = {Tybrandt, Klas and Forchheimer, Robert and Berggren, Magnus},
    volume = {3},
    url = {www.nature.com/naturecommunications},
    doi = {10.1038/ncomms1869}
}

@article{Volkov2014ModelingTransistors,
    title = {{Modeling of Charge Transport in Ion Bipolar Junction Transistors}},
    year = {2014},
    journal = {Langmuir},
    author = {Volkov, Anton V. and Tybrandt, Klas and Berggren, Magnus and Zozoulenko, Igor V.},
    number = {23},
    month = {6},
    pages = {6999--7005},
    volume = {30},
    url = {http://pubs.acs.org/doi/10.1021/la404296g},
    doi = {10.1021/la404296g},
    issn = {0743-7463}
}

@article{Cruz-Chu2009MolecularNanopores,
    title = {{Molecular control of ionic conduction in polymer nanopores}},
    year = {2009},
    journal = {Faraday Discussions},
    author = {Cruz-Chu, Eduardo R. and Ritz, Thorsten and Siwy, Zuzanna S. and Schulten, Klaus},
    number = {0},
    month = {9},
    pages = {47},
    volume = {143},
    publisher = {The Royal Society of Chemistry},
    url = {http://xlink.rsc.org/?DOI=b906279n},
    doi = {10.1039/b906279n},
    issn = {1359-6640}
}

@article{Triandafilidi2018MolecularEffect,
    title = {{Molecular simulations of the piezoionic effect}},
    year = {2018},
    journal = {Soft Matter},
    author = {Triandafilidi, Vasilii and Hatzikiriakos, Savvas G. and Rottler, Jörg},
    number = {30},
    pages = {6222--6229},
    volume = {14},
    publisher = {Royal Society of Chemistry},
    doi = {10.1039/c8sm00939b},
    issn = {17446848},
    pmid = {30022190}
}

@article{Triandafilidi2018MolecularEffectb,
    title = {{Molecular simulations of the piezoionic effect}},
    year = {2018},
    journal = {Soft Matter},
    author = {Triandafilidi, Vasilii and Hatzikiriakos, Savvas G. and Rottler, Jörg},
    number = {30},
    pages = {6222--6229},
    volume = {14},
    publisher = {Royal Society of Chemistry},
    doi = {10.1039/c8sm00939b},
    issn = {17446848},
    pmid = {30022190}
}

@article{Vlassiouk2008NanofluidicSolutions,
    title = {{Nanofluidic Ionic Diodes. Comparison of Analytical and Numerical Solutions}},
    year = {2008},
    journal = {ACS Nano},
    author = {Vlassiouk, Ivan and Smirnov, Sergei and Siwy, Zuzanna},
    number = {8},
    month = {8},
    pages = {1589--1602},
    volume = {2},
    publisher = { American Chemical Society},
    url = {http://pubs.acs.org/doi/10.1021/nn800306u},
    doi = {10.1021/nn800306u},
    issn = {1936-0851},
    keywords = {Poisson−Nernst−Planck equations, bipolar and unipolar devices, nanochannel, nanofluidic diode, nanofluidic electronics}
}

@article{Simon2016OrganicTechnology,
    title = {{Organic Bioelectronics: Bridging the Signaling Gap between Biology and Technology}},
    year = {2016},
    journal = {Chemical Reviews},
    author = {Simon, Daniel T. and Gabrielsson, Erik O. and Tybrandt, Klas and Berggren, Magnus},
    number = {21},
    month = {11},
    pages = {13009--13041},
    volume = {116},
    url = {http://pubs.acs.org/doi/10.1021/acs.chemrev.6b00146},
    doi = {10.1021/acs.chemrev.6b00146},
    issn = {0009-2665}
}

@article{Cayre2007PolyelectrolyteGels,
    title = {{Polyelectrolyte Diode:  Nonlinear Current Response of a Junction between Aqueous Ionic Gels}},
    year = {2007},
    journal = {Journal of the American Chemical Society},
    author = {Cayre, Olivier J. and Chang, Suk Tai and Velev, Orlin D.},
    number = {35},
    pages = {10801--10806},
    volume = {129},
    doi = {10.1021/ja072449z},
    issn = {0002-7863}
}

@article{Karnik2007RectificationDiode,
    title = {{Rectification of Ionic Current in a Nanofluidic Diode}},
    year = {2007},
    journal = {Nano Letters},
    author = {Karnik, Rohit and Duan, Chuanhua and Castelino, Kenneth and Daiguji, Hirofumi and Majumdar, Arun},
    number = {3},
    month = {3},
    pages = {547--551},
    volume = {7},
    url = {http://pubs.acs.org/doi/abs/10.1021/nl062806o},
    doi = {10.1021/nl062806o},
    issn = {1530-6984}
}

@article{Lee2018StretchableDevices,
    title = {{Stretchable Ionics – A Promising Candidate for Upcoming Wearable Devices}},
    year = {2018},
    journal = {Advanced Materials},
    author = {Lee, Hae Ryung and Kim, Chong Chan and Sun, Jeong Yun},
    number = {42},
    pages = {1--15},
    volume = {30},
    isbn = {1521-4095 (Electronic)0935-9648 (Linking)},
    doi = {10.1002/adma.201704403},
    issn = {15214095},
    pmid = {29889329},
    keywords = {hydrogels, ionic circuit elements, ionic conductors, stretchable ionics, wearable devices}
}

@article{Moy2000TestsDynamics,
    title = {{Tests of Continuum Theories as Models of Ion Channels. I. Poisson−Boltzmann Theory versus Brownian Dynamics}},
    year = {2000},
    journal = {Biophysical Journal},
    author = {Moy, Glenn and Corry, Ben and Kuyucak, Serdar and Chung, Shin-Ho},
    number = {5},
    month = {5},
    pages = {2349--2363},
    volume = {78},
    publisher = {Cell Press},
    url = {https://www-sciencedirect-com.ezproxy.library.ubc.ca/science/article/pii/S0006349500767804},
    doi = {10.1016/S0006-3495(00)76780-4},
    issn = {0006-3495}
}

@article{Tybrandt2011TowardTransistor,
    title = {{Toward complementary ionic circuits: The npn ion bipolar junction transistor}},
    year = {2011},
    journal = {Journal of the American Chemical Society},
    author = {Tybrandt, Klas and Gabrielsson, Erik O. and Berggren, Magnus},
    number = {26},
    pages = {10141--10145},
    volume = {133},
    isbn = {0002-7863},
    doi = {10.1021/ja200492c},
    issn = {00027863},
    pmid = {21598973}
}